<record><leader>00000cas a2200000 a 4500</leader><controlfield tag="001">16885220</controlfield><controlfield tag="008">871022d19431946fluwr ne     f0    0eng c</controlfield><datafield ind1=" " ind2=" " tag="010"><subfield code="a">sn 98026457 </subfield></datafield><datafield ind1=" " ind2=" " tag="040"><subfield code="a">JFK</subfield><subfield code="b">eng</subfield><subfield code="c">JFK</subfield><subfield code="d">OCL</subfield><subfield code="d">NHC</subfield><subfield code="d">FUG</subfield><subfield code="d">NVF</subfield><subfield code="d">OCLCQ</subfield><subfield code="d">OCLCF</subfield><subfield code="d">OCLCO</subfield></datafield><datafield ind1="1" ind2=" " tag="029"><subfield code="a">AU@</subfield><subfield code="b">000020104125</subfield></datafield><datafield ind1=" " ind2=" " tag="042"><subfield code="a">pcc</subfield></datafield><datafield ind1=" " ind2=" " tag="043"><subfield code="a">n-us-fl</subfield></datafield><datafield ind1="0" ind2="4" tag="245"><subfield code="a">The Mock-up.</subfield></datafield><datafield ind1=" " ind2=" " tag="260"><subfield code="a">Fort Pierce, Fla. :</subfield><subfield code="b">[U.S. Naval] Amphibious Training Base,</subfield><subfield code="c">1943-1946.</subfield></datafield><datafield ind1=" " ind2=" " tag="300"><subfield code="a">v.</subfield></datafield><datafield ind1=" " ind2=" " tag="310"><subfield code="a">Weekly</subfield></datafield><datafield ind1="0" ind2=" " tag="362"><subfield code="a">Vol. 1, no. 1 (Apr. 19, 1943)-v. 4, no. 53 (Jan. 26, 1946).</subfield></datafield><datafield ind1=" " ind2="0" tag="650"><subfield code="a">Navy-yards and naval stations</subfield><subfield code="z">United States</subfield><subfield code="v">Newspapers.</subfield></datafield><datafield ind1=" " ind2="0" tag="651"><subfield code="a">U.S. Naval Amphibious Training Base (Fla.)</subfield></datafield><datafield ind1=" " ind2="0" tag="651"><subfield code="a">Fort Pierce (Fla.)</subfield><subfield code="v">Newspapers.</subfield></datafield><datafield ind1=" " ind2="0" tag="651"><subfield code="a">Saint Lucie County (Fla.)</subfield><subfield code="v">Newspapers.</subfield></datafield><datafield ind1=" " ind2="7" tag="655"><subfield code="a">Newspapers.</subfield><subfield code="2">fast</subfield><subfield code="0">(OCoLC)fst01423814</subfield></datafield><datafield ind1=" " ind2="7" tag="650"><subfield code="a">Navy-yards and naval stations.</subfield><subfield code="2">fast</subfield><subfield code="0">(OCoLC)fst01035165</subfield></datafield><datafield ind1=" " ind2="7" tag="651"><subfield code="a">Florida</subfield><subfield code="z">Fort Pierce.</subfield><subfield code="2">fast</subfield><subfield code="0">(OCoLC)fst01216524</subfield></datafield><datafield ind1=" " ind2="7" tag="651"><subfield code="a">Florida</subfield><subfield code="z">Saint Lucie County.</subfield><subfield code="2">fast</subfield><subfield code="0">(OCoLC)fst01210220</subfield></datafield><datafield ind1=" " ind2="7" tag="651"><subfield code="a">Florida</subfield><subfield code="z">U.S. Naval Amphibious Training Base.</subfield><subfield code="2">fast</subfield><subfield code="0">(OCoLC)fst01261605</subfield></datafield><datafield ind1=" " ind2="7" tag="651"><subfield code="a">United States.</subfield><subfield code="2">fast</subfield><subfield code="0">(OCoLC)fst01204155</subfield></datafield><datafield ind1=" " ind2=" " tag="752"><subfield code="a">United States</subfield><subfield code="b">Florida</subfield><subfield code="c">Saint Lucie</subfield><subfield code="d">Fort Pierce.</subfield></datafield></record>